@misc{nvidia/branching,
	title        = {{CUDA C Best Practices Guide}},
	author       = {NVIDIA Developer Documentation},
	howpublished = {\url{https://docs.nvidia.com/cuda/cuda-c-best-practices-guide/index.html#branching-and-divergence}}
}